@online{ArchWikiMainPage2025,
  author       = {{ArchWiki}},
  title        = {ArchWiki},
  year         = {2025},
  month        = {5},
  day          = {22},
  url          = {https://wiki.archlinux.org},
  urldate      = {2025-05-25}
}

@misc{SchedMDSlurmDocs2024misc,
  author       = {{SchedMD LLC}},
  title        = {Slurm Workload Manager documentation},
  year         = {2024},
  month        = mar, 
  day          = {20},
  howpublished = {\url{https://slurm.schedmd.com/documentation.html}},
  note         = {Retrieved May 25, 2025. (Page last modified: March 20, 2024)}
}